
@misc{sonar_metrics_slideshare,
	author = {Keheliya Gallaba},
	title = {{Sonar Metrics}},
	howpublished = {\url{http://de.slideshare.net/keheliya/sonar-metrics}},
	note = {Online since April, 2012; Accessed: 2014-12-04}
}

