
@online{Gallaba,
	author = {Keheliya Gallaba},
	editor = {Software Engineer at WSO2},
	title = {title},
	date = {date},
	url = {http://de.slideshare.net/keheliya/sonar-metrics},
}
